@article{keane2011structural,
  title={The structural estimation of behavioral models: Discrete choice dynamic programming methods and applications},
  author={Keane, Michael P and Todd, Petra E and Wolpin, Kenneth I},
  journal={Handbook of Labor Economics},
  volume={4},
  pages={331--461},
  year={2011},
  publisher={Elsevier}
}

@article{heckman1979sample,
  title={Sample selection bias as a specification error},
  author={Heckman, James J},
  journal={Econometrica: Journal of the econometric society},
  pages={153--161},
  year={1979},
  publisher={JSTOR}
}

@techreport{heckman2013causal,
  title={Causal analysis after haavelmo},
  author={Heckman, James J and Pinto, Rodrigo},
  year={2013},
  institution={National Bureau of Economic Research}
}