@book{langtangen2011primer,
  title={A primer on scientific programming with Python},
  author={Langtangen, Hans Peter},
  volume={6},
  year={2011},
  publisher={Springer}
}








