@article{fortin2011decomposition,
  title={{Decomposition Methods in Economics}},
  author={Fortin, Nicole and Lemieux, Thomas and Firpo, Sergio},
  journal={Handbook of labor economics},
  volume={4},
  pages={1--102},
  year={2011},
  publisher={Elsevier}
}

@article{french2011identification,
  title={{Identification of Models of the Labor Market}},
  author={French, Eric and Taber, Christopher},
  journal={Handbook of Labor Economics},
  volume={4},
  pages={537--617},
  year={2011},
  publisher={Elsevier}
}

@article{dinardo2011program,
  title={{Program Evaluation and Research Designs}},
  author={DiNardo, John and Lee, David S},
  journal={Handbook of labor economics},
  volume={4},
  pages={463--536},
  year={2011},
  publisher={Elsevier}
}

@article{rogerson2011search,
  title={{Search in Macroeconomic Models of the Labor Market}},
  author={Rogerson, Richard and Shimer, Robert},
  journal={Handbook of Labor Economics},
  volume={4},
  pages={619--700},
  year={2011},
  publisher={Elsevier}
}

@article{keane2011structural,
  title={{The Structural Estimation of Behavioral Models: Discrete Choice Dynamic Programming Methods and Applications}},
  author={Keane, Michael P and Todd, Petra E and Wolpin, Kenneth I},
  journal={Handbook of Labor Economics},
  volume={4},
  pages={331--461},
  year={2011},
  publisher={Elsevier}
}

@article{rebitzer2011extrinsic,
  title={{Extrinsic Rewards and Intrinsic Motives: Standard and Behavioral Approaches to Agency and Labor Markets}},
  author={Rebitzer, James B and Taylor, Lowell J},
  journal={Handbook of labor economics},
  volume={4},
  pages={701--772},
  year={2011},
  publisher={Elsevier}
}

@article{meghir2011earnings,
  title={{Earnings, Consumption and Life Cycle Choices}},
  author={Meghir, Costas and Pistaferri, Luigi},
  journal={Handbook of Labor Economics},
  volume={4},
  pages={773--854},
  year={2011},
  publisher={Elsevier}
}

@article{roland2011racial,
  title={{Racial Inequality in the 21st Century: The Declining Significance of Discrimination}},
  author={Roland Jr, G and others},
  journal={Handbook of Labor Economics},
  volume={4},
  pages={855--971},
  year={2011},
  publisher={Elsevier}
}

@article{acemoglu2011skills,
  title={{Skills, Tasks and Technologies: Implications for Employment and Earnings}},
  author={Acemoglu, Daron and others},
  journal={Handbook of labor economics},
  volume={4},
  pages={1043--1171},
  year={2011},
  publisher={Elsevier}
}

@article{currie2011human,
  title={{Human Capital Development before Age Five}},
  author={Currie, Janet and Almond, Douglas},
  journal={Handbook of labor economics},
  volume={4},
  pages={1315--1486},
  year={2011},
  publisher={Elsevier}
}

@article{black2011recent,
  title={{Recent Developments in Intergenerational Mobility}},
  author={Black, Sandra E and Devereux, Paul J},
  journal={Handbook of labor economics},
  volume={4},
  pages={1487--1541},
  year={2011},
  publisher={Elsevier}
}

@article{almlund2011perso,
  title={{Personality Psychology and Economics}},
  author={Almlund, Mathilde and Duckworth, Angela Lee and Heckman, James J. and Kautz, Tim},
  journal={Handbook of the Economics of Education},
  volume={4},
  pages={1--181},
  year={2011},
  publisher={Elsevier}
}

@article{galor2011ineq,
  title={{Inequality, Human Capital, and the Process of Development}},
  author={Galor, Oded},
  journal={Handbook of the Economics of Education},
  volume={4},
  pages={441--493},
  year={2011},
  publisher={Elsevier}
}

@article{neal2011design,
  title={{The Design of Performance Pay in Education}},
  author={Neal, Derek},
  journal={Handbook of the Economics of Education},
  volume={4},
  pages={495--550},
  year={2011},
  publisher={Elsevier}
}

@article{bjorklund2011education,
  title={{Education and Family Background: Mechanisms and Policies}},
  author={Bjorklund, Anders and Salvanes, Kjell G.},
  journal={Handbook of the Economics of Education},
  volume={3},
  pages={201--247},
  year={2011},
  publisher={Elsevier}
}

@article{neal2000theories,
  title={{Theories of the Distribution of Earnings}},
  author={Neal, Derek and Rosen, Sherwin},
  journal={Handbook of Income Distribution},
  volume={1},
  pages={379--427},
  year={2000},
  publisher={Elsevier}
}

@article{piketty2000theories,
  title={{Theories of Persistent Inequality and Intergenerational Mobility}},
  author={Piketty, Thomas},
  journal={Handbook of Income Distribution},
  volume={1},
  pages={429--476},
  year={2000},
  publisher={Elsevier}
}

@article{sacerdote2010nature,
  title={{Nature and Nurture Effects on Childrenâ€™s Outcomes: What have we Learned from Studies of Twins and Adoptees}},
  author={Sacerdote, Bruce},
  journal={Handbook of Social Economics},
  volume={1},
  pages={1--30},
  year={2010}
}

@book{oecd2011divided,
  title={{Divided We Stand: Why Inequality Keeps Rising}},
  author={OECD},
  year={2011},
  publisher={OECD Publishing}
}

@article{cawley2011health,
  title={{The Economics of Risky Health Behaviors}},
  author={Cawley, John and Ruhm, Cristopher J.},
  journal={Handbook of Health Economics},
  volume={2},
  pages={1--30},
  year={2010}
}

@article{robson2010evolutionary,
  title={{The Evolutionary Foundations of Preferences}},
  author={Robson, Arthur J and Samuelson, Larry},
  journal={Handbook of Social Economics, Amsterdam: North Holland},
  pages={339--416},  
  year={2010}
}

@article{raquel2010culture,
  title={{Does Culture Matter}},
  author={Fernandez, Raquel},
  journal={Handbook of Social Economics, Amsterdam: North Holland},
  pages={481--510},  
  year={2010}
}

@article{heckman2006earnings,
  title={Earnings Functions, Rates of Return and Treatment Effects: The Mincer Equation and Beyond},
  author={Heckman, James J and Lochner, Lance J and Todd, Petra E},
  journal={Handbook of the Economics of Education},
  volume={1},
  pages={307--458},
  year={2006},
  publisher={Elsevier}
}

@article{Bjorklund2011education,
  title={{Education and Family Background: Mechanisms and Policies}},
  author={Bjšrklund, Anders and Salvanes, Kjell},
  journal={Handbook of the Economics of Education},
  volume={3},
  pages={201--247},
  year={2011},
  publisher={Elsevier}
}

@article{currie2000child,
  title={{Child Health in Developed Countries}},
  author={Currie, Janet},
  journal={Handbook of health economics},
  volume={1},
  pages={1053--1090},
  year={2000},
  publisher={Elsevier}
}



